@article{Lago2018,
author = {Lago, Sol and Gra{\v{c}}anin-Yuksek, Martina and Şafak, Duygu Fatma and Demir, Orhan and Kırkıcı, Bilal and Felser, Claudia},
doi = {none},
keywords = {Project,Turkish,agreement attraction,bilingualism},
publisher = {Open Science Framework},
title = {{Straight from the horse's mouth: agreement attraction effects with Turkish possessors}},
url = {https://osf.io/qn5g4/},
year = {2018}
}
@article{Quirk1972,
  title={A grammar of contemporary English},
  author={Quirk, Randolph and Greenbaum, Sidney and Leech, Geoffrey Neil and Svartvik, Jan and others},
  year={1972},
  publisher={Longman London}
}
@article{Bock1991,
  title={Broken agreement},
  author={Bock, Kathryn and Miller, Carol A},
  journal={Cognitive psychology},
  volume={23},
  number={1},
  pages={45--93},
  year={1991},
  publisher={Elsevier}
}
@article{Bock2001,
  title={Some attractions of verb agreement},
  author={Bock, Kathryn and Eberhard, Kathleen M. and Cutting, J. Cooper and Meyer, Antje S. and Schriefers, Herbert},
  journal={Cognitive psychology},
  volume={43},
  number={2},
  pages={83--128},
  year={2001},
  publisher={Elsevier}
}
@article{Eberhard2005,
  title={Making syntax of sense: number agreement in sentence production.},
  author={Eberhard, Kathleen M. and Cutting, J. Cooper and Bock, Kathryn},
  journal={Psychological Review},
  volume={112},
  number={3},
  pages={531},
  year={2005},
  publisher={American Psychological Association}
}
@article{Bock1992,
  title={Regulating mental energy: Performance units in language production},
  author={Bock, Kathryn and Cutting, J. Cooper},
  journal={Journal of memory and language},
  volume={31},
  number={1},
  pages={99--127},
  year={1992},
  publisher={Elsevier}
}
@inproceedings{Franck2015,
  title={Hierarchical structure and memory retrieval mechanisms in attraction: An SAT study},
  author={Franck, Julie and Wagers, Matthew W},
  booktitle={28th Annual CUNY Conference on Human Sentence Processing},
  year={2015}
}
@article{Kimball1971,
  title={I think, you think, he think},
  author={Kimball, John and Aissen, Judith},
  journal={Linguistic Inquiry},
  volume={2},
  number={2},
  pages={241--246},
  year={1971},
  publisher={JSTOR}
}
@article{Hartsuiker2001,
  title={Object attraction in subject-verb agreement construction},
  author={Hartsuiker, Robert J and Ant{\'o}n-M{\'e}ndez, In{\'e}s and Van Zee, Marije},
  journal={Journal of Memory and Language},
  volume={45},
  number={4},
  pages={546--572},
  year={2001},
  publisher={Elsevier}
}
@article{Franck2006,
  title={Agreement and movement: A syntactic analysis of attraction},
  author={Franck, Julie and Lassi, Glenda and Frauenfelder, Ulrich H and Rizzi, Luigi},
  journal={Cognition},
  volume={101},
  number={1},
  pages={173--216},
  year={2006},
  publisher={Elsevier}
}
@article{Badecker2007,
  title={Morphology, agreement and working memory retrieval in sentence production: Evidence from gender and case in Slovak},
  author={Badecker, William and Kuminiak, Frantisek},
  journal={Journal of Memory and Language},
  volume={56},
  number={1},
  pages={65--85},
  year={2007},
  publisher={Elsevier}
}
@article{Lewis2006,
  title={Computational principles of working memory in sentence comprehension},
  author={Lewis, Richard L and Vasishth, Shravan and Van Dyke, Julie A},
  journal={Trends in cognitive sciences},
  volume={10},
  number={10},
  pages={447--454},
  year={2006},
  publisher={Elsevier}
}
@article{Lewis2005,
  title={An activation-based model of sentence processing as skilled memory retrieval},
  author={Lewis, Richard L and Vasishth, Shravan},
  journal={Cognitive science},
  volume={29},
  number={3},
  pages={375--419},
  year={2005},
  publisher={Wiley Online Library}
}
@article{Gordon2001,
  title={Memory interference during language processing.},
  author={Gordon, Peter C and Hendrick, Randall and Johnson, Marcus},
  journal={Journal of experimental psychology: learning, memory, and cognition},
  volume={27},
  number={6},
  pages={1411},
  year={2001},
  publisher={American Psychological Association}
}
@article{Wagers2009,
  title={Agreement attraction in comprehension: Representations and processes},
  author={Wagers, Matthew W and Lau, Ellen F and Phillips, Colin},
  journal={Journal of Memory and Language},
  volume={61},
  number={2},
  pages={206--237},
  year={2009},
  publisher={Elsevier}
}
@article{Dell1986,
  title={A spreading-activation theory of retrieval in sentence production.},
  author={Dell, Gary S},
  journal={Psychological review},
  volume={93},
  number={3},
  pages={283},
  year={1986},
  publisher={American Psychological Association}
}
@article{Dillon2013,
  title={Contrasting intrusion profiles for agreement and anaphora: Experimental and modeling evidence},
  author={Dillon, Brian and Mishler, Alan and Sloggett, Shayne and Phillips, Colin},
  journal={Journal of Memory and Language},
  volume={69},
  number={2},
  pages={85--103},
  year={2013},
  publisher={Elsevier}
}
@article{Tanner2014,
  title={The time-course of feature interference in agreement comprehension: Multiple mechanisms and asymmetrical attraction},
  author={Tanner, Darren and Nicol, Janet and Brehm, Laurel},
  journal={Journal of memory and language},
  volume={76},
  pages={195--215},
  year={2014},
  publisher={Elsevier}
}
@article{Lago2015,
  title={Agreement attraction in Spanish comprehension},
  author={Lago, Sol and Shalom, Diego E and Sigman, Mariano and Lau, Ellen F and Phillips, Colin},
  journal={Journal of Memory and Language},
  volume={82},
  pages={133--149},
  year={2015},
  publisher={Elsevier}
}
@article{Tucker2010,
  title={Agreement attraction in infinitival complements},
  author={Tucker, Matthew A and Wagers, Matthew W},
  journal={UCSC LRC Laboratory Report},
  pages={23--43},
  year={2010}
}
@book{Goksel2004,
  title={Turkish: A Comprehensive Grammar},
  author={G{\"o}ksel, Asl{\i} and Kerslake, Celia},
  year={2004},
  publisher={Routledge}
}
@book{Taylan2015,
  title={The phonology and morphology of Turkish},
  author={Erguvanl{\i}-Taylan, Eser},
  year={2015},
  publisher={Bo{\u{g}}azi{\c{c}}i {\"U}niversitesi}
}
@article{Haig1997,
  title={Turkish relative clauses: A tale of two participles},
  author={Haig, Geoffrey},
  journal={Turkic languages},
  volume={1},
  number={2},
  pages={184--209},
  year={1997},
  publisher={Harrassowitz Verlag}
}
@book{Ozturk2005,
  title={Case, referentiality and phrase structure},
  author={{\"O}zt{\"u}rk, Balk{\i}z},
  year={2005},
  publisher={John Benjamins}
}
@article{Avetisyan2019,
  title={Does case marking affect agreement attraction in comprehension?},
  author={Avetisyan, Serine and Lago, Sol and Vasishth, Shravan},
  year={2019},
  publisher={PsyArXiv}
}
@article{Vasishth2018,
  title={The statistical significance filter leads to overoptimistic expectations of replicability},
  author={Vasishth, Shravan and Mertzen, Daniela and J{\"a}ger, Lena A and Gelman, Andrew},
  journal={Journal of Memory and Language},
  volume={103},
  pages={151--175},
  year={2018},
  publisher={Elsevier}
}
